%YAML 1.1
%TAG !u! tag:unity3d.com,2011:
--- !u!1 &662787682260241910
GameObject:
  m_ObjectHideFlags: 0
  m_CorrespondingSourceObject: {fileID: 0}
  m_PrefabInstance: {fileID: 0}
  m_PrefabAsset: {fileID: 0}
  serializedVersion: 6
  m_Component:
  - component: {fileID: 4255462104520145152}
  m_Layer: 3
  m_Name: Effects
  m_TagString: Untagged
  m_Icon: {fileID: 0}
  m_NavMeshLayer: 0
  m_StaticEditorFlags: 0
  m_IsActive: 1
--- !u!4 &4255462104520145152
Transform:
  m_ObjectHideFlags: 0
  m_CorrespondingSourceObject: {fileID: 0}
  m_PrefabInstance: {fileID: 0}
  m_PrefabAsset: {fileID: 0}
  m_GameObject: {fileID: 662787682260241910}
  m_LocalRotation: {x: 0.7071068, y: -0, z: -0, w: 0.7071068}
  m_LocalPosition: {x: 0, y: 0, z: 0.1}
  m_LocalScale: {x: 1, y: 1, z: 1}
  m_Children:
  - {fileID: 3133440188883976453}
  - {fileID: 7960464771755807917}
  - {fileID: 3340972776493185965}
  m_Father: {fileID: 8608377102121060078}
  m_RootOrder: 0
  m_LocalEulerAnglesHint: {x: 0, y: 0, z: 0}
--- !u!1 &8952252196669889620
GameObject:
  m_ObjectHideFlags: 0
  m_CorrespondingSourceObject: {fileID: 0}
  m_PrefabInstance: {fileID: 0}
  m_PrefabAsset: {fileID: 0}
  serializedVersion: 6
  m_Component:
  - component: {fileID: 8608377102121060078}
  - component: {fileID: 4672698780976892235}
  - component: {fileID: 7438879513424412033}
  - component: {fileID: -1551555938619026960}
  - component: {fileID: 97272081973211205}
  - component: {fileID: -9071907087448454646}
  m_Layer: 3
  m_Name: box_3(5)
  m_TagString: Untagged
  m_Icon: {fileID: 0}
  m_NavMeshLayer: 0
  m_StaticEditorFlags: 0
  m_IsActive: 1
--- !u!4 &8608377102121060078
Transform:
  m_ObjectHideFlags: 0
  m_CorrespondingSourceObject: {fileID: 0}
  m_PrefabInstance: {fileID: 0}
  m_PrefabAsset: {fileID: 0}
  m_GameObject: {fileID: 8952252196669889620}
  m_LocalRotation: {x: -0.7071068, y: 0, z: 0, w: 0.7071068}
  m_LocalPosition: {x: 0, y: 0, z: 0}
  m_LocalScale: {x: 1, y: 1, z: 1}
  m_Children:
  - {fileID: 4255462104520145152}
  m_Father: {fileID: 0}
  m_RootOrder: 0
  m_LocalEulerAnglesHint: {x: -90, y: 0, z: 0}
--- !u!33 &4672698780976892235
MeshFilter:
  m_ObjectHideFlags: 0
  m_CorrespondingSourceObject: {fileID: 0}
  m_PrefabInstance: {fileID: 0}
  m_PrefabAsset: {fileID: 0}
  m_GameObject: {fileID: 8952252196669889620}
  m_Mesh: {fileID: -5822240013742472244, guid: 43775425213ff3046aae77f51a2245b2, type: 3}
--- !u!23 &7438879513424412033
MeshRenderer:
  m_ObjectHideFlags: 0
  m_CorrespondingSourceObject: {fileID: 0}
  m_PrefabInstance: {fileID: 0}
  m_PrefabAsset: {fileID: 0}
  m_GameObject: {fileID: 8952252196669889620}
  m_Enabled: 1
  m_CastShadows: 1
  m_ReceiveShadows: 1
  m_DynamicOccludee: 1
  m_MotionVectors: 1
  m_LightProbeUsage: 1
  m_ReflectionProbeUsage: 1
  m_RayTracingMode: 2
  m_RayTraceProcedural: 0
  m_RenderingLayerMask: 1
  m_RendererPriority: 0
  m_Materials:
  - {fileID: 2100000, guid: 77c766c66fa7dab4f96bf0a207a20a4d, type: 2}
  m_StaticBatchInfo:
    firstSubMesh: 0
    subMeshCount: 0
  m_StaticBatchRoot: {fileID: 0}
  m_ProbeAnchor: {fileID: 0}
  m_LightProbeVolumeOverride: {fileID: 0}
  m_ScaleInLightmap: 1
  m_ReceiveGI: 1
  m_PreserveUVs: 0
  m_IgnoreNormalsForChartDetection: 0
  m_ImportantGI: 0
  m_StitchLightmapSeams: 1
  m_SelectedEditorRenderState: 3
  m_MinimumChartSize: 4
  m_AutoUVMaxDistance: 0.5
  m_AutoUVMaxAngle: 89
  m_LightmapParameters: {fileID: 0}
  m_SortingLayerID: 0
  m_SortingLayer: 0
  m_SortingOrder: 0
  m_AdditionalVertexStreams: {fileID: 0}
--- !u!64 &-1551555938619026960
MeshCollider:
  m_ObjectHideFlags: 0
  m_CorrespondingSourceObject: {fileID: 0}
  m_PrefabInstance: {fileID: 0}
  m_PrefabAsset: {fileID: 0}
  m_GameObject: {fileID: 8952252196669889620}
  m_Material: {fileID: 0}
  m_IsTrigger: 0
  m_Enabled: 1
  serializedVersion: 4
  m_Convex: 1
  m_CookingOptions: 30
  m_Mesh: {fileID: -5822240013742472244, guid: 43775425213ff3046aae77f51a2245b2, type: 3}
--- !u!65 &97272081973211205
BoxCollider:
  m_ObjectHideFlags: 0
  m_CorrespondingSourceObject: {fileID: 0}
  m_PrefabInstance: {fileID: 0}
  m_PrefabAsset: {fileID: 0}
  m_GameObject: {fileID: 8952252196669889620}
  m_Material: {fileID: 0}
  m_IsTrigger: 1
  m_Enabled: 1
  serializedVersion: 2
  m_Size: {x: 0.25, y: 0.25, z: 0.25}
  m_Center: {x: 0, y: 0, z: 0.5}
--- !u!114 &-9071907087448454646
MonoBehaviour:
  m_ObjectHideFlags: 0
  m_CorrespondingSourceObject: {fileID: 0}
  m_PrefabInstance: {fileID: 0}
  m_PrefabAsset: {fileID: 0}
  m_GameObject: {fileID: 8952252196669889620}
  m_Enabled: 1
  m_EditorHideFlags: 0
  m_Script: {fileID: 11500000, guid: 9c0c8f5d94bf412494850bdfd6a635a7, type: 3}
  m_Name: 
  m_EditorClassIdentifier: 
  myPos:
    x: 0
    y: 0
  cursorEffect: {fileID: 7292049231181008407}
  triggeredEffect: {fileID: 2672417597685768471}
  cantStepOnEffect: {fileID: 2321579136380607423}
  _isAbleToStepOn: 0
  type: 0
--- !u!1001 &847626199012365310
PrefabInstance:
  m_ObjectHideFlags: 0
  serializedVersion: 2
  m_Modification:
    m_TransformParent: {fileID: 4255462104520145152}
    m_Modifications:
    - target: {fileID: 2710844271251040339, guid: 7f31bc03dcbd4354688e726490ce3445, type: 3}
      propertyPath: m_RootOrder
      value: 2
      objectReference: {fileID: 0}
    - target: {fileID: 2710844271251040339, guid: 7f31bc03dcbd4354688e726490ce3445, type: 3}
      propertyPath: m_LocalPosition.x
      value: 0
      objectReference: {fileID: 0}
    - target: {fileID: 2710844271251040339, guid: 7f31bc03dcbd4354688e726490ce3445, type: 3}
      propertyPath: m_LocalPosition.y
      value: 0
      objectReference: {fileID: 0}
    - target: {fileID: 2710844271251040339, guid: 7f31bc03dcbd4354688e726490ce3445, type: 3}
      propertyPath: m_LocalPosition.z
      value: 0
      objectReference: {fileID: 0}
    - target: {fileID: 2710844271251040339, guid: 7f31bc03dcbd4354688e726490ce3445, type: 3}
      propertyPath: m_LocalRotation.w
      value: 1
      objectReference: {fileID: 0}
    - target: {fileID: 2710844271251040339, guid: 7f31bc03dcbd4354688e726490ce3445, type: 3}
      propertyPath: m_LocalRotation.x
      value: 0
      objectReference: {fileID: 0}
    - target: {fileID: 2710844271251040339, guid: 7f31bc03dcbd4354688e726490ce3445, type: 3}
      propertyPath: m_LocalRotation.y
      value: 0
      objectReference: {fileID: 0}
    - target: {fileID: 2710844271251040339, guid: 7f31bc03dcbd4354688e726490ce3445, type: 3}
      propertyPath: m_LocalRotation.z
      value: 0
      objectReference: {fileID: 0}
    - target: {fileID: 2710844271251040339, guid: 7f31bc03dcbd4354688e726490ce3445, type: 3}
      propertyPath: m_LocalEulerAnglesHint.x
      value: 0
      objectReference: {fileID: 0}
    - target: {fileID: 2710844271251040339, guid: 7f31bc03dcbd4354688e726490ce3445, type: 3}
      propertyPath: m_LocalEulerAnglesHint.y
      value: 0
      objectReference: {fileID: 0}
    - target: {fileID: 2710844271251040339, guid: 7f31bc03dcbd4354688e726490ce3445, type: 3}
      propertyPath: m_LocalEulerAnglesHint.z
      value: 0
      objectReference: {fileID: 0}
    - target: {fileID: 3374614680413827817, guid: 7f31bc03dcbd4354688e726490ce3445, type: 3}
      propertyPath: m_Name
      value: TriggeredEffect
      objectReference: {fileID: 0}
    - target: {fileID: 3374614680413827817, guid: 7f31bc03dcbd4354688e726490ce3445, type: 3}
      propertyPath: m_IsActive
      value: 0
      objectReference: {fileID: 0}
    m_RemovedComponents: []
  m_SourcePrefab: {fileID: 100100000, guid: 7f31bc03dcbd4354688e726490ce3445, type: 3}
--- !u!1 &2672417597685768471 stripped
GameObject:
  m_CorrespondingSourceObject: {fileID: 3374614680413827817, guid: 7f31bc03dcbd4354688e726490ce3445, type: 3}
  m_PrefabInstance: {fileID: 847626199012365310}
  m_PrefabAsset: {fileID: 0}
--- !u!4 &3340972776493185965 stripped
Transform:
  m_CorrespondingSourceObject: {fileID: 2710844271251040339, guid: 7f31bc03dcbd4354688e726490ce3445, type: 3}
  m_PrefabInstance: {fileID: 847626199012365310}
  m_PrefabAsset: {fileID: 0}
--- !u!1001 &1072681072339118422
PrefabInstance:
  m_ObjectHideFlags: 0
  serializedVersion: 2
  m_Modification:
    m_TransformParent: {fileID: 4255462104520145152}
    m_Modifications:
    - target: {fileID: 2710844271251040339, guid: 60b998e45506ddd47a72cc8fb44d1add, type: 3}
      propertyPath: m_RootOrder
      value: 0
      objectReference: {fileID: 0}
    - target: {fileID: 2710844271251040339, guid: 60b998e45506ddd47a72cc8fb44d1add, type: 3}
      propertyPath: m_LocalPosition.x
      value: 0
      objectReference: {fileID: 0}
    - target: {fileID: 2710844271251040339, guid: 60b998e45506ddd47a72cc8fb44d1add, type: 3}
      propertyPath: m_LocalPosition.y
      value: 0
      objectReference: {fileID: 0}
    - target: {fileID: 2710844271251040339, guid: 60b998e45506ddd47a72cc8fb44d1add, type: 3}
      propertyPath: m_LocalPosition.z
      value: 0
      objectReference: {fileID: 0}
    - target: {fileID: 2710844271251040339, guid: 60b998e45506ddd47a72cc8fb44d1add, type: 3}
      propertyPath: m_LocalRotation.w
      value: 1
      objectReference: {fileID: 0}
    - target: {fileID: 2710844271251040339, guid: 60b998e45506ddd47a72cc8fb44d1add, type: 3}
      propertyPath: m_LocalRotation.x
      value: -0
      objectReference: {fileID: 0}
    - target: {fileID: 2710844271251040339, guid: 60b998e45506ddd47a72cc8fb44d1add, type: 3}
      propertyPath: m_LocalRotation.y
      value: -0
      objectReference: {fileID: 0}
    - target: {fileID: 2710844271251040339, guid: 60b998e45506ddd47a72cc8fb44d1add, type: 3}
      propertyPath: m_LocalRotation.z
      value: -0
      objectReference: {fileID: 0}
    - target: {fileID: 2710844271251040339, guid: 60b998e45506ddd47a72cc8fb44d1add, type: 3}
      propertyPath: m_LocalEulerAnglesHint.x
      value: 90
      objectReference: {fileID: 0}
    - target: {fileID: 2710844271251040339, guid: 60b998e45506ddd47a72cc8fb44d1add, type: 3}
      propertyPath: m_LocalEulerAnglesHint.y
      value: 0
      objectReference: {fileID: 0}
    - target: {fileID: 2710844271251040339, guid: 60b998e45506ddd47a72cc8fb44d1add, type: 3}
      propertyPath: m_LocalEulerAnglesHint.z
      value: 0
      objectReference: {fileID: 0}
    - target: {fileID: 3374614680413827817, guid: 60b998e45506ddd47a72cc8fb44d1add, type: 3}
      propertyPath: m_Name
      value: CantStepOnEffect
      objectReference: {fileID: 0}
    - target: {fileID: 3374614680413827817, guid: 60b998e45506ddd47a72cc8fb44d1add, type: 3}
      propertyPath: m_IsActive
      value: 0
      objectReference: {fileID: 0}
    m_RemovedComponents: []
  m_SourcePrefab: {fileID: 100100000, guid: 60b998e45506ddd47a72cc8fb44d1add, type: 3}
--- !u!1 &2321579136380607423 stripped
GameObject:
  m_CorrespondingSourceObject: {fileID: 3374614680413827817, guid: 60b998e45506ddd47a72cc8fb44d1add, type: 3}
  m_PrefabInstance: {fileID: 1072681072339118422}
  m_PrefabAsset: {fileID: 0}
--- !u!4 &3133440188883976453 stripped
Transform:
  m_CorrespondingSourceObject: {fileID: 2710844271251040339, guid: 60b998e45506ddd47a72cc8fb44d1add, type: 3}
  m_PrefabInstance: {fileID: 1072681072339118422}
  m_PrefabAsset: {fileID: 0}
--- !u!1001 &5469509631931202814
PrefabInstance:
  m_ObjectHideFlags: 0
  serializedVersion: 2
  m_Modification:
    m_TransformParent: {fileID: 4255462104520145152}
    m_Modifications:
    - target: {fileID: 2710844271251040339, guid: 520f8dad170c625448d9513c29cc494f, type: 3}
      propertyPath: m_RootOrder
      value: 1
      objectReference: {fileID: 0}
    - target: {fileID: 2710844271251040339, guid: 520f8dad170c625448d9513c29cc494f, type: 3}
      propertyPath: m_LocalPosition.x
      value: 0
      objectReference: {fileID: 0}
    - target: {fileID: 2710844271251040339, guid: 520f8dad170c625448d9513c29cc494f, type: 3}
      propertyPath: m_LocalPosition.y
      value: 0
      objectReference: {fileID: 0}
    - target: {fileID: 2710844271251040339, guid: 520f8dad170c625448d9513c29cc494f, type: 3}
      propertyPath: m_LocalPosition.z
      value: 0
      objectReference: {fileID: 0}
    - target: {fileID: 2710844271251040339, guid: 520f8dad170c625448d9513c29cc494f, type: 3}
      propertyPath: m_LocalRotation.w
      value: 1
      objectReference: {fileID: 0}
    - target: {fileID: 2710844271251040339, guid: 520f8dad170c625448d9513c29cc494f, type: 3}
      propertyPath: m_LocalRotation.x
      value: 0
      objectReference: {fileID: 0}
    - target: {fileID: 2710844271251040339, guid: 520f8dad170c625448d9513c29cc494f, type: 3}
      propertyPath: m_LocalRotation.y
      value: 0
      objectReference: {fileID: 0}
    - target: {fileID: 2710844271251040339, guid: 520f8dad170c625448d9513c29cc494f, type: 3}
      propertyPath: m_LocalRotation.z
      value: 0
      objectReference: {fileID: 0}
    - target: {fileID: 2710844271251040339, guid: 520f8dad170c625448d9513c29cc494f, type: 3}
      propertyPath: m_LocalEulerAnglesHint.x
      value: 0
      objectReference: {fileID: 0}
    - target: {fileID: 2710844271251040339, guid: 520f8dad170c625448d9513c29cc494f, type: 3}
      propertyPath: m_LocalEulerAnglesHint.y
      value: 0
      objectReference: {fileID: 0}
    - target: {fileID: 2710844271251040339, guid: 520f8dad170c625448d9513c29cc494f, type: 3}
      propertyPath: m_LocalEulerAnglesHint.z
      value: 0
      objectReference: {fileID: 0}
    - target: {fileID: 3374614680413827817, guid: 520f8dad170c625448d9513c29cc494f, type: 3}
      propertyPath: m_Name
      value: cursorEffect
      objectReference: {fileID: 0}
    - target: {fileID: 3374614680413827817, guid: 520f8dad170c625448d9513c29cc494f, type: 3}
      propertyPath: m_IsActive
      value: 0
      objectReference: {fileID: 0}
    m_RemovedComponents: []
  m_SourcePrefab: {fileID: 100100000, guid: 520f8dad170c625448d9513c29cc494f, type: 3}
--- !u!1 &7292049231181008407 stripped
GameObject:
  m_CorrespondingSourceObject: {fileID: 3374614680413827817, guid: 520f8dad170c625448d9513c29cc494f, type: 3}
  m_PrefabInstance: {fileID: 5469509631931202814}
  m_PrefabAsset: {fileID: 0}
--- !u!4 &7960464771755807917 stripped
Transform:
  m_CorrespondingSourceObject: {fileID: 2710844271251040339, guid: 520f8dad170c625448d9513c29cc494f, type: 3}
  m_PrefabInstance: {fileID: 5469509631931202814}
  m_PrefabAsset: {fileID: 0}
