%YAML 1.1
%TAG !u! tag:unity3d.com,2011:
--- !u!1 &760862111763231797
GameObject:
  m_ObjectHideFlags: 0
  m_CorrespondingSourceObject: {fileID: 0}
  m_PrefabInstance: {fileID: 0}
  m_PrefabAsset: {fileID: 0}
  serializedVersion: 6
  m_Component:
  - component: {fileID: 6858947544803788698}
  - component: {fileID: 563139722}
  - component: {fileID: 563139723}
  - component: {fileID: 563139721}
  m_Layer: 0
  m_Name: PlayerDummy
  m_TagString: PlayerDummy
  m_Icon: {fileID: 0}
  m_NavMeshLayer: 0
  m_StaticEditorFlags: 0
  m_IsActive: 1
--- !u!4 &6858947544803788698
Transform:
  m_ObjectHideFlags: 0
  m_CorrespondingSourceObject: {fileID: 0}
  m_PrefabInstance: {fileID: 0}
  m_PrefabAsset: {fileID: 0}
  m_GameObject: {fileID: 760862111763231797}
  m_LocalRotation: {x: 0, y: 0, z: 0, w: 1}
  m_LocalPosition: {x: 0, y: 0, z: 0}
  m_LocalScale: {x: 4, y: 4, z: 4}
  m_Children:
  - {fileID: 8243942627929426843}
  m_Father: {fileID: 0}
  m_RootOrder: 0
  m_LocalEulerAnglesHint: {x: 0, y: 0, z: 0}
--- !u!54 &563139722
Rigidbody:
  m_ObjectHideFlags: 0
  m_CorrespondingSourceObject: {fileID: 0}
  m_PrefabInstance: {fileID: 0}
  m_PrefabAsset: {fileID: 0}
  m_GameObject: {fileID: 760862111763231797}
  serializedVersion: 2
  m_Mass: 1
  m_Drag: 0
  m_AngularDrag: 0.05
  m_UseGravity: 1
  m_IsKinematic: 0
  m_Interpolate: 0
  m_Constraints: 112
  m_CollisionDetection: 0
--- !u!136 &563139723
CapsuleCollider:
  m_ObjectHideFlags: 0
  m_CorrespondingSourceObject: {fileID: 0}
  m_PrefabInstance: {fileID: 0}
  m_PrefabAsset: {fileID: 0}
  m_GameObject: {fileID: 760862111763231797}
  m_Material: {fileID: 0}
  m_IsTrigger: 0
  m_Enabled: 1
  m_Radius: 0.2
  m_Height: 1
  m_Direction: 1
  m_Center: {x: 0, y: 0.75, z: 0}
--- !u!114 &563139721
MonoBehaviour:
  m_ObjectHideFlags: 0
  m_CorrespondingSourceObject: {fileID: 0}
  m_PrefabInstance: {fileID: 0}
  m_PrefabAsset: {fileID: 0}
  m_GameObject: {fileID: 760862111763231797}
  m_Enabled: 1
  m_EditorHideFlags: 0
  m_Script: {fileID: 11500000, guid: 180f34e92fb143c890edd2c9c69f33a5, type: 3}
  m_Name: 
  m_EditorClassIdentifier: 
  curPos:
    x: 0
    y: 5
  speed: 7
  rotationSpeed: 0
  jumpingHight: 0
  jumpingSpeed: 0
  gravityParameter: 0
--- !u!1001 &8494606217431379056
PrefabInstance:
  m_ObjectHideFlags: 0
  serializedVersion: 2
  m_Modification:
    m_TransformParent: {fileID: 6858947544803788698}
    m_Modifications:
    - target: {fileID: -8679921383154817045, guid: 0e984de832cb21240a854c098ff2a38f, type: 3}
      propertyPath: m_RootOrder
      value: 0
      objectReference: {fileID: 0}
    - target: {fileID: -8679921383154817045, guid: 0e984de832cb21240a854c098ff2a38f, type: 3}
      propertyPath: m_LocalPosition.x
      value: -0
      objectReference: {fileID: 0}
    - target: {fileID: -8679921383154817045, guid: 0e984de832cb21240a854c098ff2a38f, type: 3}
      propertyPath: m_LocalPosition.y
      value: 0.208
      objectReference: {fileID: 0}
    - target: {fileID: -8679921383154817045, guid: 0e984de832cb21240a854c098ff2a38f, type: 3}
      propertyPath: m_LocalPosition.z
      value: -0.000000019073486
      objectReference: {fileID: 0}
    - target: {fileID: -8679921383154817045, guid: 0e984de832cb21240a854c098ff2a38f, type: 3}
      propertyPath: m_LocalRotation.w
      value: 1
      objectReference: {fileID: 0}
    - target: {fileID: -8679921383154817045, guid: 0e984de832cb21240a854c098ff2a38f, type: 3}
      propertyPath: m_LocalRotation.x
      value: 0
      objectReference: {fileID: 0}
    - target: {fileID: -8679921383154817045, guid: 0e984de832cb21240a854c098ff2a38f, type: 3}
      propertyPath: m_LocalRotation.y
      value: -0
      objectReference: {fileID: 0}
    - target: {fileID: -8679921383154817045, guid: 0e984de832cb21240a854c098ff2a38f, type: 3}
      propertyPath: m_LocalRotation.z
      value: -0
      objectReference: {fileID: 0}
    - target: {fileID: -8679921383154817045, guid: 0e984de832cb21240a854c098ff2a38f, type: 3}
      propertyPath: m_LocalEulerAnglesHint.x
      value: 0
      objectReference: {fileID: 0}
    - target: {fileID: -8679921383154817045, guid: 0e984de832cb21240a854c098ff2a38f, type: 3}
      propertyPath: m_LocalEulerAnglesHint.y
      value: 0
      objectReference: {fileID: 0}
    - target: {fileID: -8679921383154817045, guid: 0e984de832cb21240a854c098ff2a38f, type: 3}
      propertyPath: m_LocalEulerAnglesHint.z
      value: 0
      objectReference: {fileID: 0}
    - target: {fileID: -7511558181221131132, guid: 0e984de832cb21240a854c098ff2a38f, type: 3}
      propertyPath: m_Materials.Array.data[0]
      value: 
      objectReference: {fileID: 2100000, guid: 9bfdd533007499c4981568db77d3e649, type: 2}
    - target: {fileID: -7511558181221131132, guid: 0e984de832cb21240a854c098ff2a38f, type: 3}
      propertyPath: m_Materials.Array.data[3]
      value: 
      objectReference: {fileID: 2100000, guid: 9bfdd533007499c4981568db77d3e649, type: 2}
    - target: {fileID: 919132149155446097, guid: 0e984de832cb21240a854c098ff2a38f, type: 3}
      propertyPath: m_Name
      value: 01
      objectReference: {fileID: 0}
    m_RemovedComponents: []
  m_SourcePrefab: {fileID: 100100000, guid: 0e984de832cb21240a854c098ff2a38f, type: 3}
--- !u!4 &8243942627929426843 stripped
Transform:
  m_CorrespondingSourceObject: {fileID: -8679921383154817045, guid: 0e984de832cb21240a854c098ff2a38f, type: 3}
  m_PrefabInstance: {fileID: 8494606217431379056}
  m_PrefabAsset: {fileID: 0}
